<?xml version="1.0" encoding="UTF-8"?><collection xmlns="http://www.loc.gov/MARC21/slim"><record><leader>00660nam--2200181-i-4500</leader><controlfield tag="001">000043766</controlfield><controlfield tag="002">20161230</controlfield><controlfield tag="005">20161230201044</controlfield><controlfield tag="008">060222s1000------------r-----000-0-ger-d</controlfield><datafield ind1=" " ind2=" " tag="040"><subfield code="a">IFIN-HH</subfield></datafield><datafield ind1=" " ind2=" " tag="041"><subfield code="a">ger</subfield></datafield><datafield ind1="1" ind2=" " tag="100"><subfield code="a">Kristen, Christa</subfield></datafield><datafield ind1="1" ind2="0" tag="245"><subfield code="a">Studien zur geschichte der akademie der wissenschaften der ddr. band 8: physiker uber physiker ii. antrittsreden erwiderungen bei der aufnahme von physikern in die berliner akademie gedachtnisreden 1870 bis 1929</subfield><subfield code="c">Christa kristen, hans-gunther korber</subfield></datafield><datafield ind1=" " ind2=" " tag="260"><subfield code="a">Berlin</subfield><subfield code="b">Akademie-verlag</subfield><subfield code="c">1979</subfield></datafield><datafield ind1=" " ind2=" " tag="300"><subfield code="a">208P</subfield></datafield><datafield ind1="1" ind2=" " tag="700"><subfield code="a">Korber, Hans-gunther</subfield></datafield><datafield ind1=" " ind2=" " tag="852"><subfield code="a">70739</subfield><subfield code="c">53</subfield></datafield><datafield ind1=" " ind2=" " tag="CAT"><subfield code="a">Sys</subfield><subfield code="c">20150806</subfield><subfield code="h">130418</subfield></datafield></record></collection>